@misc{horne2018crypto,
  title={The Emergence of Cryptoeconomic Primitives},
  author={Horne, Jacob},
  howpublished = {\url{https://www.coinbase.com/blog/the-emergence-of-cryptoeconomic-primitives}},
  year={2018}
}

@misc{graphBondingCurve,
  title={An Introduction to Bonding Curves},
  author={The Graph},
  howpublished = {\url{https://thegraph.academy/curators/introduction-to-bonding-curves/}}
}

@article{buterin2014next,
  title={A next-generation smart contract and decentralized application platform},
  author={Buterin, Vitalik and others},
  journal={white paper},
  volume={3},
  number={37},
  pages={2--1},
  year={2014}
}

@misc{quantum2011bitcoin,
  title={Proof of stake instead of proof of work},
  author={QuantumMechanic},
  howpublished = {\url{https://bitcointalk.org/index.php?topic=27787.0/}},
  year={2011}
}

@misc{Goldin2018TCR,
  title={Token-Curated Registries 1.0},
  author={Goldin, Mike},
  howpublished = {\url{https://docs.google.com/document/d/1BWWC__-Kmso9b7yCI_R7ysoGFIT9D_sfjH3axQsmB6E/edit}},
  year={2017}
}

@article{merkle2016daos,
  title={DAOs, democracy and governance},
  author={Merkle, Ralph},
  journal={Cryonics Magazine},
  volume={37},
  number={4},
  pages={28--40},
  year={2016}
}

@article{resnick1997recommender,
  title={Recommender systems},
  author={Resnick, Paul and Varian, Hal R},
  journal={Communications of the ACM},
  volume={40},
  number={3},
  pages={56--58},
  year={1997},
  publisher={ACM New York, NY, USA}
}

@article{lops2011content,
  title={Content-based recommender systems: State of the art and trends},
  author={Lops, Pasquale and De Gemmis, Marco and Semeraro, Giovanni},
  journal={Recommender systems handbook},
  pages={73--105},
  year={2011},
  publisher={Springer}
}

@article{gomez2015netflix,
  title={The netflix recommender system: Algorithms, business value, and innovation},
  author={Gomez-Uribe, Carlos A and Hunt, Neil},
  journal={ACM Transactions on Management Information Systems (TMIS)},
  volume={6},
  number={4},
  pages={1--19},
  year={2015},
  publisher={ACM New York, NY, USA}
}

@inproceedings{boutet2018collaborative,
  title={Collaborative filtering under a sybil attack: Similarity metrics do matter!},
  author={Boutet, Antoine and De Moor, Florestant and Frey, Davide and Guerraoui, Rachid and Kermarrec, Anne-Marie and Rault, Antoine},
  booktitle={2018 48th Annual IEEE/IFIP International Conference on Dependable Systems and Networks (DSN)},
  pages={466--477},
  year={2018},
  organization={IEEE}
}

@article{wang2022trustworthy,
  title={Trustworthy recommender systems},
  author={Wang, Shoujin and Zhang, Xiuzhen and Wang, Yan and Ricci, Francesco},
  journal={ACM Transactions on Intelligent Systems and Technology},
  year={2022},
  publisher={ACM New York, NY}
}

@article{lin2022shilling,
  title={Shilling Black-Box Recommender Systems by Learning to Generate Fake User Profiles},
  author={Lin, Chen and Chen, Si and Zeng, Meifang and Zhang, Sheng and Gao, Min and Li, Hui},
  journal={IEEE Transactions on Neural Networks and Learning Systems},
  year={2022},
  publisher={IEEE}
}

@misc{chapman2023erc7529,
  title={ERC-7529: Bridging DNS and Blockchain for Automatic Contract Discovery and Author Verification},
  author={Chapman, Todd and Sibbach, Charlie and Sing, Sean},
  howpublished = {\url{https://www.npmjs.com/package/@snickerdoodlelabs/erc7529}},
  year={2023}
}

@article{wood2014ethereum,
  title={Ethereum: A secure decentralised generalised transaction ledger},
  author={Wood, Gavin and others},
  journal={Ethereum project yellow paper},
  volume={151},
  number={2014},
  pages={1--32},
  year={2014}
}

@article{adams2021uniswap,
  title={Uniswap v3 core},
  author={Adams, Hayden and Zinsmeister, Noah and Salem, Moody and Keefer, River and Robinson, Dan},
  journal={Tech. rep., Uniswap, Tech. Rep.},
  year={2021}
}

@inproceedings{bennett2007netflix,
  title={The netflix prize},
  author={Bennett, James and Lanning, Stan and others},
  booktitle={Proceedings of KDD cup and workshop},
  volume={2007},
  pages={35},
  year={2007},
  organization={New York}
}

@inproceedings{wu2007collaborative,
  title={Collaborative filtering via ensembles of matrix factorizations},
  author={Wu, Mingrui},
  booktitle={KDD Cup and Workshop 2007},
  pages={43--47},
  year={2007}
}